@comment{x-kbibtex-personnameformatting=<%l><, %f>}

@manual{an885,
	author = "Yedamale, Padmaraja",
	organization = "Microchip Technology Inc.",
	pages = "20",
	title = "{Brushless DC (BLDC) Motor Fundamentals}",
	year = "2003"
}

@article{directtorque,
	author = "French, Chris and Acarney, Paul",
	journal = "IEEE Transactions on Industry Applications",
	month = "September/October",
	number = "5",
	pages = "9",
	title = "{Direct Torque Control of Permanent Magnet Drives}",
	volume = "32",
	year = "1996"
}

@article{7648,
	author = "Salah, Wael A. and Ishak, Dahaman and Hammadi, Khaleel J.",
	journal = "Journal of Electrical Engineering",
	number = "3",
	pages = "141--146",
	title = "{PWM Switching Strategy For Torque Ripple Minimization in BLDC Motor}",
	volume = "62",
	year = "2011"
}

